@article{Kiefer,
  title={Laser diagnostics and minor species detection in combustion using resonant four-wave mixing},
  author={Kiefer, Johannes and Ewart, Paul},
  journal={Progress in Energy and Combustion Science},
  volume={37},
  number={5},
  pages={525--564},
  year={2011},
  publisher={Elsevier}
}


@article{Stritzke2015,
author = {Stritzke, Felix and Diemel, Oliver and Wagner, Steven},
doi = {10.1007/s00340-015-6073-5},
file = {:Users/yuzhezhou/OneDrive/Thesis/reference for intro/4{\_}TDLAS-based NH3 mole fraction measurement for exhaust diagnostics during selective catalytic reduction using a fiber-coupled 2.2-$\mu$m DFB diode laser.pdf:pdf},
isbn = {0946-2171},
issn = {09462171},
journal = {Appl. Phys. B Lasers Opt.},
number = {1},
pages = {143--152},
title = {{TDLAS-based $NH_3$ mole fraction measurement for exhaust diagnostics during selective catalytic reduction using a fiber-coupled 2.2 $\mu m$ DFB diode laser}},
volume = {119},
year = {2015}
}


@article{Li2011,
doi = {10.1364/AO.50.006697},
file = {:Users/yuzhezhou/OneDrive/Thesis/reference for intro/9{\_}Simultaneous measurements of multiple flow parameters for scramjet characterization using tunable diode-laser sensors.pdf:pdf},
isbn = {1559-128X},
issn = {0003-6935},
journal = {Appl. Opt.},
number = {36},
pages = {6697},
pmid = {22193202},
title = {{Simultaneous measurements of multiple flow parameters for scramjet characterization using tunable diode-laser sensors}},
url = {https://www.osapublishing.org/abstract.cfm?URI=ao-50-36-6697},
volume = {50},
year = {2011}
}

@article{Ma2013,
author = {Ma, Lin and Li, Xuesong and Sanders, Scott T. and Caswell, Andrew W. and Roy, Sukesh and Plemmons, David H. and Gord, James R.},
doi = {10.1364/OE.21.001152},
file = {:Users/yuzhezhou/OneDrive/Thesis/reference for intro/2{\_}50-kHz-rate 2D imaging of temperature and H2O concentration at the exhaust plane of a J85 engine using hyperspectral tomography.pdf:pdf},
isbn = {doi:10.1364/OE.21.001152},
issn = {1094-4087},
journal = {Opt. Express},
number = {1},
pages = {1152},
pmid = {23389008},
title = {{50-$kHz$-rate 2D imaging of temperature and $H_2O$ concentration at the exhaust plane of a J85 engine using hyperspectral tomography}},
url = {https://www.osapublishing.org/abstract.cfm?URI=oe-21-1-1152},
volume = {21},
year = {2013}
}

@article{Witzel2013,
author = {Witzel, O. and Klein, A. and Meffert, C. and Wagner, S. and Kaiser, S. and Schulz, C. and Ebert, V.},
doi = {10.1364/OE.21.019951},
file = {:Users/yuzhezhou/OneDrive/Thesis/reference for intro/5{\_}VCSEL-based, high-speed, in situ TDLAS for in-cylinder water vapor measurements in IC engines.pdf:pdf},
isbn = {1094-4087 (Electronic)$\backslash$r1094-4087 (Linking)},
issn = {1094-4087},
journal = {Opt. Express},
number = {17},
pages = {19951},
pmid = {24105541},
title = {{VCSEL-based, high-speed, $in \,situ$ TDLAS for in-cylinder water vapor measurements in IC engines}},
volume = {21},
year = {2013}
}


@article{Caswell2013,
author = {Caswell, Andrew W and Roy, Sukesh and An, Xinliang and Sanders, Scott T and Schauer, Frederick R and Gord, James R},
doi = {10.1364/AO.52.002893},
file = {:Users/yuzhezhou/OneDrive/Thesis/reference for intro/3{\_}Measurements of multiple gas parameters in a pulsed-detonation combustor using time-mode-locked lasers.pdf:pdf},
isbn = {1559-128X},
issn = {0003-6935},
journal = {Appl. Opt.},
keywords = {Absorption,Combustion diagnostics,Temperature},
number = {12},
pages = {2893},
pmid = {23669701},
title = {{Measurements of multiple gas parameters in a pulsed-detonation combustor using time-division-multiplexed Fourier-domain mode-locked lasers}},
url = {http://ao.osa.org/abstract.cfm?URI=ao-52-12-2893},
volume = {52},
year = {2013}
}


@article{Makowiecki2017,
abstract = {We measure the plume temperature and species concentration profiles of a heated mixture of ammonia and steam flowing through a miniature converging-diverging nozzle (area ratio 5:1, exit diameter 4.57 mm). The nozzle operating conditions are intended to simulate the plume of a thruster system operating in vacuum environments. Wavelength modulation spectroscopy (WMS) is a laser absorption spectroscopy technique that allows for quantitative, time-resolved, sensitive diagnostics of gaseous flows. The goal of the measurements is to assess the potential of WMS as a diagnostic technique for characterizing this type of system. The measurements use three multiplexed fiber-coupled tunable diode lasers: two for measuring temperature and H2O concentration and one for measuring NH3 concentration. The multiplexed laser beam is spatially translated across the plume on a two-axis stage. Using Abel transforms, we are able to successfully resolve the structure of the under-expanded plume despite absorption signals as low as 9e-4. As a result, WMS demonstrates excellent promise as a sensitive diagnostic tool for resolving the profile of such plumes. Nomenclature A$\lambda$ = path averaged absorbance area of feature at wavelength, $\lambda$ $\chi$i = mole fraction of species, i I0 = incident intensity on gas sample It = transmitted intensity out of gas sample L = pathlength probed by laser sensor $\lambda$ = wavelength of light $\nu$ = optical frequency of light ϕ($\lambda$) = lineshape function of absorption feature S$\lambda$(T) = linestrength of absorption feature T = temperature of gas sample R = outer radius of jet r = radial position within jet y = vertical position within jet {\'{i}} µ{\'{i}}± 2{\'{i}} µ{\'{i}}± = X component of lockin amplifier at 2f {\'{i}} µ{\'{i}}± 2{\'{i}} µ{\'{i}}± = Y component of lockin amplifier at 2f {\'{i}} µ{\'{i}}± 1{\'{i}} µ{\'{i}}± = root-sum-square magnitude of the X and Y components of the lock-in outputs at 1{\'{i}} µ{\'{i}}± A ' $\lambda$ = radial distribution of absorbance area of feature at wavelength, $\lambda$},
author = {Makowiecki, Amanda S. and Hayden, Torrey R. and Nakles, Michael R. and Pilgram, Nickolas H. and MacDonald, Natalia A. and Hargus, William A. and Rieker, Gregory B.},
doi = {10.2514/6.2017-4679},
file = {:Users/yuzhezhou/OneDrive/Thesis/reference for intro/7{\_}Wavelength modulation spectroscopy for measurements of temperature and species concentration downstream from a supersonic nozzle.pdf:pdf},
isbn = {978-1-62410-511-1},
journal = {53rd AIAA/SAE/ASEE Jt. Propuls. Conf.},
number = {July},
pages = {1--9},
title = {{Wavelength modulation spectroscopy for measurements of temperature and species concentration downstream from a supersonic nozzle}},
url = {https://arc.aiaa.org/doi/10.2514/6.2017-4679},
year = {2017}
}
@article{Rieker2009b,
author = {Rieker, G. B. and Jeffries, J. B. and Hanson, R. K. and Mathur, T. and Gruber, M. R. and Carter, C. D.},
doi = {10.1016/j.proci.2008.06.114},
file = {:Users/yuzhezhou/OneDrive/Thesis/reference for intro/8{\_}Diode laser-based detection of combustor instabilities with application to a scramjet engine.pdf:pdf},
isbn = {1540-7489},
issn = {15407489},
journal = {Proc. Combust. Inst.},
keywords = {Combustor,Instability,Scramjet,Sensor,Unstart},
number = {1},
pages = {831--838},
publisher = {The Combustion Institute},
title = {{Diode laser-based detection of combustor instabilities with application to a scramjet engine}},
url = {http://dx.doi.org/10.1016/j.proci.2008.06.114},
volume = {32 I},
year = {2009}
}

@article{Whitney2011,
abstract = {This paper details a new design for fiber-optic access to harsh environments, with a particular focus on absorption spectroscopy in high-temperature, high-pressure combustion systems. A key component is a fiber-fused rod lens assembly which tolerates temperatures above 1100 {\textless}formula formulatype="inline"{\textgreater}{\textless}tex Notation="TeX"{\textgreater}{\$}{\^{}}{\{}\backslashcirc{\}}\backslashhbox{\{}C{\}}{\$}{\textless}/tex{\textgreater} {\textless}/formula{\textgreater} and enables simple optical access without interferences from etalons or ambient absorbers. The fibers, rod lenses, and supporting ports are designed to provide line-of-sight optical access without the need for adjustable optomechanics. Fiber modal noise was minimized by actively aligning a photodiode to the multimode fiber's output facet, resulting in a shot-noise-limited SNR of 53{\textless}formula formulatype="inline"{\textgreater}{\textless}tex Notation="TeX"{\textgreater}{\$}\backslashthinspace{\$}{\textless}/tex{\textgreater}{\textless}/formula{\textgreater}000 for the system.},
author = {Whitney, Jean M. and Takami, Kuya and Sanders, Scott T. and Okura, Yasuhiro},
doi = {10.1109/JSEN.2011.2156780},
file = {:Users/yuzhezhou/OneDrive/Thesis/reference for intro/6{\_}Design of system for rugged, low-noise fiber-optic access to high-temperature, high-pressure environments.pdf:pdf},
issn = {1530437X},
journal = {IEEE Sens. J.},
keywords = {Absorption spectroscopy,modal noise analysis,optical fiber sensors},
number = {12},
pages = {3295--3302},
title = {{Design of system for rugged, low-noise fiber-optic access to high-temperature, high-pressure environments}},
volume = {11},
year = {2011}
}

@article{Goldenstein2017,
  title={Infrared laser-absorption sensing for combustion gases},
  author={Goldenstein, Christopher S and Spearrin, R Mitchell and Jeffries, Jay B and Hanson, Ronald K},
  journal={Progress in Energy and Combustion Science},
  volume={60},
  pages={132--176},
  year={2017},
  publisher={Elsevier}
}

@article{HANSON20111,
title = "Applications of quantitative laser sensors to kinetics, propulsion and practical energy systems",
journal = "Proceedings of the Combustion Institute",
volume = "33",
pages = "1--40",
year = "2011",
issn = "1540-7489",
doi = "https://doi.org/10.1016/j.proci.2010.09.007",
url = "http://www.sciencedirect.com/science/article/pii/S1540748910003913",
author = "Ronald K. Hanson",
keywords = "Laser absorption, Shock tubes, Propulsion, Combustors, Practical energy systems"
}

@article{WOLFRUM19981,
title = "Lasers in combustion: From basic theory to practical devices",
journal = "Symposium (International) on Combustion",
volume = "27",
number = "1",
pages = "1--41",
year = "1998",
note = "Twenty-Seventh Sysposium (International) on Combustion Volume One",
issn = "0082-0784",
doi = "https://doi.org/10.1016/S0082-0784(98)80387-1",
url = "http://www.sciencedirect.com/science/article/pii/S0082078498803871",
author = "Jürgen Wolfrum"
}


  	
@article{Allen1998,
  author={Mark G Allen},
  title={Diode laser absorption sensors for gas-dynamic and combustion flows},
  journal={Measurement Science and Technology},
  volume={9},
  number={4},
  pages={545},
  url={http://stacks.iop.org/0957-0233/9/i=4/a=001},
  year={1998},
}
	
@article{WERLE1998197,
title = "A review of recent advances in semiconductor laser based gas monitors",
journal = "Spectrochimica Acta Part A: Molecular and Biomolecular Spectroscopy",
volume = "54",
number = "2",
pages = "197--236",
year = "1998",
issn = "1386-1425",
doi = "https://doi.org/10.1016/S1386-1425(97)00227-8",
url = "http://www.sciencedirect.com/science/article/pii/S1386142597002278",
author = "Peter Werle",
keywords = "Semiconductor laser based gas monitors, Tunable diode lasers, Laser absorption spectroscopy"
}

@article{Lackner2007,
author = {Lackner, Maximilian},
file = {:Users/yuzhezhou/Library/Application Support/Mendeley Desktop/Downloaded/Lackner - 2007 - TUNABLE DIODE LASER ABSORPTION SPECTROSCOPY (TOLAS) IN THE PROCESS INDUSTRIES-A REVIEW.pdf:pdf},
journal = {Tunable Diode Laser Absorpt. Spectrosc.},
keywords = {TDLS,TOLAS,Tunable diode laser absorption spectroscopy,concentration,flow,gas temperature,pressure,process control,process industry,review},
number = {2},
title = {{Tunable diode laser absorption spectroscopy (TDLAS) in the process industries: A review}},
volume = {23},
year = {2007}
}

@Inbook{Schulz2007,
author="Schulz, Christof
and Dreizler, Andreas
and Ebert, Volker
and Wolfrum, J{\"u}rgen",
editor="Tropea, Cameron
and Yarin, Alexander L.
and Foss, John F.",
title="Combustion Diagnostics",
bookTitle="Springer Handbook of Experimental Fluid Mechanics",
year="2007",
publisher="Springer Berlin Heidelberg",
address="Berlin, Heidelberg",
pages="1241--1315",
isbn="978-3-540-30299-5",
doi="10.1007/978-3-540-30299-5_20",
url="https://doi.org/10.1007/978-3-540-30299-5_20"
}

%Scopus
%EXPORT DATE: 26 June 2018

@ARTICLE{Hanson19771479,
author={Hanson, R. K.},
title={Shock tube spectroscopy: Advanced instrumentation with a tunable diode laser},
journal={Applied Optics},
year={1977},
volume={16},
number={6},
pages={1479-1481},
doi={10.1364/AO.16.1479_1},
%url={https://www.scopus.com/inward/record.uri?eid=2-s2.0-84975573875&doi=10.1364%2fAO.16.1479_1&partnerID=40&md5=285586c0e137fa7ce426f43ef0a2db6e},
%document_type={Letter},
%source={Scopus},
}

@article{BOLSHOV201545,
title = "Tunable diode laser spectroscopy as a technique for combustion diagnostics",
journal = "Spectrochimica Acta Part B: Atomic Spectroscopy",
volume = "106",
pages = "45--66",
year = "2015",
issn = "0584-8547",
doi = "https://doi.org/10.1016/j.sab.2015.01.010",
url = "http://www.sciencedirect.com/science/article/pii/S058485471500021X",
author = "M.A. Bolshov and Yu.A. Kuritsyn and Yu.V. Romanovskii",
keywords = "Combustion diagnostics, Tunable diode laser absorption spectroscopy, TDLAS sensor, Temperature measurement"
}

@book{Eckbreth,
  title={Laser diagnostics for combustion temperature and species},
  author={Eckbreth, Alan C},
  volume={3},
  year={1996},
  publisher={CRC Press}
}

@book{Kohse,
  editor       = {Kohse-Höinghaus, Katharina and Jeffries, Jay B.},
  publisher    = {Taylor and Francis},
  title        = {{Applied Combustion Diagnostics}},
  year         = {2002},
}

@book{hanson2016spectroscopy,
  title={Spectroscopy and optical diagnostics for gases},
  author={Hanson, Ronald K and Spearrin, R Mitchell and Goldenstein, Christopher S},
  year={2016},
  publisher={Springer}
}

@Article{Dubinsky1998,
author="Dubinsky, I.
and Rybak, K.
and Steinfeld, J.I.
and Field, R.W.",
title="Frequency-modulation-enhanced remote sensing",
journal="Applied Physics B",
year="1998",
month="Oct",
day="01",
volume="67",
number="4",
pages="481--492",
abstract="to 1012molecules{\thinspace}cm-3. FMRS has the potential of being ageneral method for monitoring atmospheric trace gases at ambient levels.",
issn="1432-0649",
doi="10.1007/s003400050533",
url="https://doi.org/10.1007/s003400050533"
}

@Article{Wainner2002,
  title={Handheld, battery-powered {near-IR TDL} sensor for stand-off detection of gas and vapor plumes},
  author={Wainner, Richard T and Green, B David and Allen, Mark G and White, MA and Stafford-Evans, J and Naper, R},
  journal={Applied Physics B},
  volume={75},
  number={2-3},
  pages={249--254},
  year={2002},
  publisher={Springer}
}

@Article{Wang2015,
author="Wang, Ze
and Sanders, Scott T.",
title="Toward single-ended absorption spectroscopy probes based on backscattering from rough surfaces: {$H_2O$} vapor measurements near 1350 nm",
journal="Applied Physics B",
year="2015",
month="Nov",
day="01",
volume="121",
number="2",
pages="187--192",
issn="1432-0649",
doi="10.1007/s00340-015-6216-8",
url="https://doi.org/10.1007/s00340-015-6216-8"
}

@article{Goldenstein:16,
author = {Christopher S. Goldenstein and R. Mitchell Spearrin and Ronald K. Hanson},
journal = {Appl. Opt.},
keywords = {Remote sensing and sensors ; Combustion diagnostics; Absorption; Spectroscopy, diode lasers; Spectroscopy, modulation; Backscattering; Diode lasers; Laser beams; Laser light; Light intensity; Pressure measurement; Speckle noise},
number = {3},
pages = {479--484},
publisher = {OSA},
title = {Fiber-coupled diode-laser sensors for calibration-free stand-off measurements of gas temperature, pressure, and composition},
volume = {55},
month = {Jan},
year = {2016},
url = {http://ao.osa.org/abstract.cfm?URI=ao-55-3-479},
doi = {10.1364/AO.55.000479},
}

@article{Peng:16,
author = {Wen Yu Peng and Christopher S. Goldenstein and R. Mitchell Spearrin and Jay B. Jeffries and Ronald K. Hanson},
journal = {Appl. Opt.},
keywords = {Fiber optics sensors; Combustion diagnostics; Semiconductor lasers; Absorption; Spectroscopy, infrared; Discrete Fourier transforms; Fiber lasers; Frequency modulated lasers; Laser beams; Sensor performance; Tunable diode lasers},
number = {33},
pages = {9347--9359},
publisher = {OSA},
title = {Single-ended mid-infrared laser-absorption sensor for simultaneous in situ measurements of {$H_2O$, $CO_2$, $CO$, and temperature }in combustion flows},
volume = {55},
month = {Nov},
year = {2016},
url = {http://ao.osa.org/abstract.cfm?URI=ao-55-33-9347},
doi = {10.1364/AO.55.009347},
}

@article{Peng2018,
title = "Single-ended mid-infrared laser-absorption sensor for time-resolved measurements of water concentration and temperature within the annulus of a rotating detonation engine ",
journal = "Proceedings of the Combustion Institute ",
volume = "",
number = "",
pages = "",
year = "2018",
note = "",
issn = "1540-7489",
doi = "https://doi.org/10.1016/j.proci.2018.05.021",
url = "https://www.sciencedirect.com/science/article/pii/S1540748918300221",
author = "Wen Yu Peng and Séan J. Cassady and Christopher L. Strand and Christopher S. Goldenstein and R. Mitchell Spearrin and Christopher M. Brophy and Jay B. Jeffries and Ronald K. Hanson",
keywords = "Single-ended",
keywords = "Combustion diagnostics",
keywords = "Mid-infrared",
keywords = "Wavelength-modulation spectroscopy",
keywords = "Detonations "
}

@article{RIEKER20073041,
title = "Rapid measurements of temperature and {$H_2O$} concentration in {IC} engines with a spark plug-mounted diode laser sensor",
journal = "Proceedings of the Combustion Institute",
volume = "31",
number = "2",
pages = "3041--3049",
year = "2007",
issn = "1540-7489",
doi = "https://doi.org/10.1016/j.proci.2006.07.158",
url = "http://www.sciencedirect.com/science/article/pii/S1540748906001660",
author = "G.B. Rieker and H. Li and X. Liu and J.T.C. Liu and J.B. Jeffries and R.K. Hanson and M.G. Allen and S.D. Wehe and P.A. Mulhall and H.S. Kindle and A. Kakuho and K.R. Sholes and T. Matsuura and S. Takatani",
keywords = "Diode laser, Wavelength modulation spectroscopy, Thermometry, IC engine"
}

@article{Rein:10,
author = {Keith D. Rein and Scott T. Sanders},
journal = {Appl. Opt.},
keywords = {Combustion diagnostics; Interferometry; Temperature; Combustion diagnostics; Spectroscopy, Fourier transforms; Spectroscopy, infrared; Absorption coefficient; Absorption spectroscopy; Emission; Emission spectroscopy; Pressure sensors; Thermal emission},
number = {25},
pages = {4728--4734},
publisher = {OSA},
title = {Fourier-transform absorption spectroscopy in reciprocating engines},
volume = {49},
month = {Sep},
year = {2010},
url = {http://ao.osa.org/abstract.cfm?URI=ao-49-25-4728},
doi = {10.1364/AO.49.004728},
}

@Article{Chen2010,
author="Chen, J.
and Hangauer, A.
and Strzoda, R.
and Amann, M. C.",
title="Laser spectroscopic oxygen sensor using diffuse reflector based optical cell and advanced signal processing",
journal="Applied Physics B",
year="2010",
month="Aug",
day="01",
volume="100",
number="2",
pages="417--425",
issn="1432-0649",
doi="10.1007/s00340-010-3956-3",
url="https://doi.org/10.1007/s00340-010-3956-3"
}


  	
@article{0957-0233-25-11-115501,
  author={Colin H Smith and Christopher S Goldenstein and Ronald K Hanson},
  title={A scanned-wavelength-modulation absorption-spectroscopy sensor for temperature and {$H_2O$} in low-pressure flames},
  journal={Measurement Science and Technology},
  volume={25},
  number={11},
  pages={},
  url={http://stacks.iop.org/0957-0233/25/i=11/a=115501},
  year={2014},
}
	
@article{GIRARD2017158,
title = "Compact optical probe for flame temperature and carbon dioxide using interband cascade laser absorption near 4.2 {$\mu m$}",
journal = "Combustion and Flame",
volume = "178",
pages = "158--167",
year = "2017",
issn = "0010-2180",
doi = "https://doi.org/10.1016/j.combustflame.2017.01.007",
url = "http://www.sciencedirect.com/science/article/pii/S001021801730007X",
author = "J. J. Girard and R. M. Spearrin and C. S. Goldenstein and R. K. Hanson",
keywords = "Laser absorption spectroscopy, Low-pressure flame, Mid-infrared, Temperature sensing, Carbon dioxide"
}    
    
    
@Article{Rein2017,
author="Rein, Keith D.
and Roy, Sukesh
and Sanders, Scott T.
and Caswell, Andrew W.
and Schauer, Frederick R.
and Gord, James R.",
title="Measurements of gas temperatures at 100 {$kHz$} within the annulus of a rotating detonation engine",
journal="Applied Physics B",
year="2017",
month="Mar",
day="10",
volume="123",
number="3",
pages="88",
issn="1432-0649",
doi="10.1007/s00340-017-6647-5",
url="https://doi.org/10.1007/s00340-017-6647-5"
}

@Article{Melin2017,
author="Melin, Scott T.
and Wang, Ze
and Neal, Nicholas J.
and Rothamer, David A.
and Sanders, Scott T.",
title="Single-ended retroreflection sensors for absorption spectroscopy in high-temperature environments",
journal="Applied Physics B",
year="2017",
month="Mar",
day="29",
volume="123",
number="4",
pages="119",
issn="1432-0649",
doi="10.1007/s00340-017-6687-x",
url="https://doi.org/10.1007/s00340-017-6687-x"
}

@article{Jatana:15,
author = {Gurneesh S. Jatana and Mark Magee and David Fain and Sameer V. Naik and Gregory M. Shaver and Robert P. Lucht},
journal = {Appl. Opt.},
keywords = {Combustion diagnostics; Lasers, distributed-feedback; Absorption; Pressure measurement ; Absorption coefficient; Beam steering; Diode lasers; Laser beam propagation; Laser light; Pressure sensors},
number = {5},
pages = {1220--1231},
publisher = {OSA},
title = {Simultaneous high-speed gas property measurements at the exhaust gas recirculation cooler exit and at the turbocharger inlet of a multicylinder diesel engine using diode-laser-absorption spectroscopy},
volume = {54},
month = {Feb},
year = {2015},
url = {http://ao.osa.org/abstract.cfm?URI=ao-54-5-1220},
doi = {10.1364/AO.54.001220},
}







@article{Jatana2,
author = {Gurneesh S Jatana and Sameer V Naik and Gregory M Shaver and Robert P Lucht},
title ={High-speed diode laser measurements of temperature and water vapor concentration in the intake manifold of a diesel engine},
journal = {International Journal of Engine Research},
volume = {15},
number = {7},
pages = {773-788},
year = {2014},
doi = {10.1177/1468087413517107},

URL = { 
        https://doi.org/10.1177/1468087413517107
    
},
eprint = { 
        https://doi.org/10.1177/1468087413517107
    
}
,
  
}

@article{Mattison2007,
	affiliation = {Stanford University, Department of Mechanical Engineering, Stanford, CA 94305, USA; Sandia National Laboratories, Combustion Research Facility, Livermore, CA 94551, USA},
	author = {Mattison, D. W. and Jeffries, J. B. and Hanson, R. K. and Steeper, R. R. and De Zilwa, S. and Dec, J. E. and Sjoberg, M. and Hwang, W.},
	doi = {10.1016/j.proci.2006.07.048},
	journal = {Proceedings of the Combustion Institute},
	keywords = {HCCI; Diode-laser; Thermometry; Wavelength-multiplexed},
	language = {English},
	number = {1},
	pages = {791-798},
	title = {In-cylinder gas temperature and water concentration measurements in {HCCI} engines using a multiplexed-wavelength diode-laser system: Sensor development and initial demonstration},
	volume = {31},
	year = {2007},
}

@article{Goldenstein2014,
author = {Christopher S. Goldenstein and Christopher L. Strand and Ian A. Schultz and Kai Sun and Jay B. Jeffries and Ronald K. Hanson},
journal = {Appl. Opt.},
keywords = {Combustion diagnostics; Temperature; Flames; Flow diagnostics; Absorption; Spectroscopy, modulation; Absorption spectroscopy; Beam steering; Laser beams; Modulation spectroscopy; Tunable diode laser absorption spectroscopy; Tunable diode lasers},
number = {3},
pages = {356--367},
publisher = {OSA},
title = {Fitting of calibration-free scanned-wavelength-modulation spectroscopy spectra for determination of gas properties and absorption lineshapes},
volume = {53},
month = {Jan},
year = {2014},
url = {http://ao.osa.org/abstract.cfm?URI=ao-53-3-356},
doi = {10.1364/AO.53.000356},
}

@article{Jeffries2010,
 ISSN = {19463936, 19463944},
 URL = {http://www.jstor.org/stable/26275566},
 author = {Jay B. Jeffries and Jason M. Porter and Sung Hung Pyun and Ronald K. Hanson and Kevin R. Sholes and Kiyotaka Shouji and Tomohiro Chaya},
 journal = {SAE International Journal of Engines},
 number = {2},
 pages = {373--382},
 publisher = {SAE International},
 title = {An In-cylinder Laser Absorption Sensor for Crank-angle-resolved Measurements of Gasoline Concentration and Temperature},
 volume = {3},
 year = {2010}
}

@Article{Bürkle2018,
author="B{\"u}rkle, Sebastian
and Biondo, Luigi
and Ding, Carl-Philipp
and Honza, Rene
and Ebert, Volker
and B{\"o}hm, Benjamin
and Wagner, Steven",
title="In-Cylinder Temperature Measurements in a Motored IC Engine using {TDLAS}",
journal="Flow, Turbulence and Combustion",
year="2018",
month="Jul",
day="01",
volume="101",
number="1",
pages="139--159",
issn="1573-1987",
doi="10.1007/s10494-017-9886-y",
url="https://doi.org/10.1007/s10494-017-9886-y"
}

@article{Chang2018,
author = {Chang Liu and Lijun Xu},
title = {Laser absorption spectroscopy for combustion diagnosis in reactive flows: A review},
journal = {Applied Spectroscopy Reviews},
volume = {0},
number = {0},
pages = {1-44},
year  = {2018},
publisher = {Taylor & Francis},
doi = {10.1080/05704928.2018.1448854},
URL = { 
        https://doi.org/10.1080/05704928.2018.1448854    
},
eprint = { 
        https://doi.org/10.1080/05704928.2018.1448854    
}
}

@article{Brown2012,
 author = {Michael Brown and Gregory Herring and Karen Cabell and Neal Hass and Todd Barhorst and Mark Gruber},
 journal = {50th AIAA Aerospace Sciences Meeting including the New Horizons Forum and Aerospace Exposition},
 publisher = {American Institute of Aeronautics and Astronautics},
 title = {Optical Measurements at the Combustor Exit of the HIFiRE 2 Ground Test Engine},
 year = {2012}
}

@Article{Jackson2015,
author="Kevin R. Jackson and Mark R. Gruber and Salvatore Buccellato",
title="Mach 6–8+ Hydrocarbon-Fueled Scramjet Flight Experiment: {The {HIFiRE} Flight 2 Project}",
journal = "Journal of Propulsion and Power",
year="2015",
volume="31",
number="1",
pages="139--159",
url="https://doi.org/10.2514/1.B35350"
}

@book{herzberg1939,
  title={Molecular spectra and molecular structure. II. Infrared and Raman spectra of polyatomic molecules},
  author={Herzberg, G.},
  lccn={50008347},
  series={Molecular Spectra and Molecular Structure},
  url={https://books.google.com/books?id=vX4fAQAAMAAJ},
  year={1939},
  publisher={Van Nostrand}
}


@ARTICLE{2013JQSRT.130....4R,
   author = {{Rothman}, L.~S. and {Gordon}, I.~E. and {Babikov}, Y. and {Barbe}, A. and 
	{Benner}, D.~C. and {Bernath}, P.~F. and {Birk}, M. and {Bizzocchi}, L. and 
	{Boudon}, V. and {Brown}, L.~R. and {Campargue}, A. and {Chance}, K. and 
	{Cohen}, E.~A. and {Coudert}, L.~H. and {Devi}, V.~M. and {Drouin}, B.~J. and 
	{Fayt}, A. and {Flaud}, J.-M. and {Gamache}, R.~R. and {Harrison}, J.~J. and 
	{Hartmann}, J.-M. and {Hill}, C. and {Hodges}, J.~T. and {Jacquemart}, D. and 
	{Jolly}, A. and {Lamouroux}, J. and {Le Roy}, R.~J. and {Li}, G. and 
	{Long}, D.~A. and {Lyulin}, O.~M. and {Mackie}, C.~J. and {Massie}, S.~T. and 
	{Mikhailenko}, S. and {M{\"u}ller}, H.~S.~P. and {Naumenko}, O.~V. and 
	{Nikitin}, A.~V. and {Orphal}, J. and {Perevalov}, V. and {Perrin}, A. and 
	{Polovtseva}, E.~R. and {Richard}, C. and {Smith}, M.~A.~H. and 
	{Starikova}, E. and {Sung}, K. and {Tashkun}, S. and {Tennyson}, J. and 
	{Toon}, G.~C. and {Tyuterev}, V.~G. and {Wagner}, G.},
    title = "{The HITRAN2012 molecular spectroscopic database}",
  journal = {Journal of Quantitative Spectroscopy and Radiative Transfer},
     year = 2013,
    month = nov,
   volume = 130,
    pages = {4-50},
      doi = {10.1016/j.jqsrt.2013.07.002},
   adsurl = {http://adsabs.harvard.edu/abs/2013JQSRT.130....4R},
  adsnote = {Provided by the SAO/NASA Astrophysics Data System}
}

@article{HANSON2014103,
title = "Recent advances in laser absorption and shock tube methods for studies of combustion chemistry",
journal = "Progress in Energy and Combustion Science",
volume = "44",
pages = "103--114",
year = "2014",
issn = "0360-1285",
doi = "https://doi.org/10.1016/j.pecs.2014.05.001",
url = "http://www.sciencedirect.com/science/article/pii/S0360128514000264",
author = "R. K. Hanson and D. F. Davidson",
keywords = "Shock tube, Laser absorption, Constrained reaction volume, Species time-histories, Isotopic labeling"
}    
    
    
@Article{Zhou2005,
author="Zhou, X.
and Jeffries, J. B.
and Hanson, R. K.",
title="Development of a fast temperature sensor for combustion gases using a single tunable diode laser",
journal="Applied Physics B",
year="2005",
month="Sep",
day="01",
volume="81",
number="5",
pages="711--722",
issn="1432-0649",
doi="10.1007/s00340-005-1934-y",
url="https://doi.org/10.1007/s00340-005-1934-y"
}


@article{FURLONG1998103,
title = "Real-time adaptive combustion control using diode-laser absorption sensors",
journal = "Symposium (International) on Combustion",
volume = "27",
number = "1",
pages = "103--111",
year = "1998",
note = "Twenty-Seventh Sysposium (International) on Combustion Volume One",
issn = "0082-0784",
doi = "https://doi.org/10.1016/S0082-0784(98)80395-0",
url = "http://www.sciencedirect.com/science/article/pii/S0082078498803950",
author = "Edward R. Furlong and Douglas S. Baer and Ronald K. Hanson"
}

@article{GOLDENSTEIN2017249,
title = "SpectraPlot.com: Integrated spectroscopic modeling of atomic and molecular gases",
journal = "Journal of Quantitative Spectroscopy and Radiative Transfer",
volume = "200",
pages = "249--257",
year = "2017",
issn = "0022-4073",
doi = "https://doi.org/10.1016/j.jqsrt.2017.06.007",
url = "http://www.sciencedirect.com/science/article/pii/S0022407317302996",
author = "Christopher S. Goldenstein and Victor A. Miller and R. Mitchell Spearrin and Christopher L. Strand"
}


@article{strand2015quantification,
  title={Quantification of supersonic impulse flow conditions via high-bandwidth wavelength modulation absorption spectroscopy},
  author={Strand, Christopher L and Hanson, Ronald K},
  journal={AIAA Journal},
  volume={53},
  number={10},
  pages={2978--2987},
  year={2015},
  publisher={American Institute of Aeronautics and Astronautics}
}

@article{goldenstein2014scanned,
  title={Scanned-wavelength-modulation spectroscopy near 2.5 $\mu$m for {$H_2O$} and temperature in a hydrocarbon-fueled scramjet combustor},
  author={Goldenstein, C. S. and Schultz, I. A. and Spearrin, R. M. and Jeffries, J. B. and Hanson, R. K.},
  journal={Applied Physics B},
  volume={116},
  number={3},
  pages={717--727},
  year={2014},
  publisher={Springer}
}


@article{spearrin2014simultaneous,
  title={Simultaneous sensing of temperature, CO, and {$CO_2$} in a scramjet combustor using quantum cascade laser absorption spectroscopy},
  author={Spearrin, R. M. and Goldenstein, C. S. and Schultz, I. A. and Jeffries, J. B. and Hanson, R. K.},
  journal={Applied Physics B},
  volume={117},
  number={2},
  pages={689--698},
  year={2014},
  publisher={Springer}
}

@inproceedings{asif2015urea,
  title={Urea-{SCR} temperature investigation for {$NO_x$} control of diesel engine},
  author={Asif, Muhammad and Zhang, Youtong and Lin, Wei},
  booktitle={MATEC Web of Conferences},
  volume={26},
  pages={03002},
  year={2015},
  organization={EDP Sciences}
}

@book{southern1993demonstration,
  title={Demonstration of Selective Catalytic Reduction Technology for the Control of Nitrogen Oxide Emissions from High-sulfur, Coal-fired Boilers},
  author={Hinton, W Scott and Powell, CA and Maxwell, JD},
  institution={Southern Co. Services, Inc., Birmingham, AL (United States)},
  url={https://books.google.com/books?id=fMPPjwEACAAJ},
  year={1993},
  publisher={United States. Department of Energy}
}

@article{recsitouglu2015pollutant,
  title={The pollutant emissions from diesel-engine vehicles and exhaust aftertreatment systems},
  author={Re{\c{s}}ito{\u{g}}lu, {\.I}brahim Aslan and Altini{\c{s}}ik, Kemal and Keskin, Ali},
  journal={Clean Technologies and Environmental Policy},
  volume={17},
  number={1},
  pages={15--27},
  year={2015},
  publisher={Springer}
}

@article{GUAN2014395,
title = "Review of state of the art technologies of selective catalytic reduction of {$NO_x$} from diesel engine exhaust",
journal = "Applied Thermal Engineering",
volume = "66",
number = "1",
pages = "395--414",
year = "2014",
issn = "1359-4311",
doi = "https://doi.org/10.1016/j.applthermaleng.2014.02.021",
url = "http://www.sciencedirect.com/science/article/pii/S1359431114001112",
author = "Bin Guan and Reggie Zhan and He Lin and Zhen Huang",
keywords = "Emission legislations, Selective catalytic reduction, Catalysts performance, Optimized hybrid integration system, By-products"
}

@article{goldenstein20151,
  author={Christopher S Goldenstein and Christopher A Almodóvar and Jay B Jeffries and Ronald K Hanson and Christopher M
Brophy},
  title={High-bandwidth scanned-wavelength-modulation spectroscopy sensors for temperature and {$H_2O$} in a rotating detonation engine},
  journal={Measurement Science and Technology},
  volume={25},
  number={10},
  pages={},
  url={http://stacks.iop.org/0957-0233/25/i=10/a=105104},
  year={2014},
}
	
@article{doi:10.1177/0142331216656754,
author = {Jinghua Zhao and Yunfeng Hu and Xun Gong and Hong Chen},
title ={Modelling and control of urea-{SCR} systems through the triple-step non-linear method in consideration of time-varying parameters and reference dynamics},
journal = {Transactions of the Institute of Measurement and Control},
volume = {40},
number = {1},
pages = {287-302},
year = {2018},
doi = {10.1177/0142331216656754},

URL = { 
        https://doi.org/10.1177/0142331216656754    
},
eprint = { 
        https://doi.org/10.1177/0142331216656754    
}    
    
 
 @article{qi2003performance,
  title={Performance and kinetics study for low-temperature {SCR} of {NO} with {$NH_3$} over {$MnO_x$--$CeO_2$} catalyst},
  author={Qi, Gongshin and Yang, Ralph T},
  journal={Journal of Catalysis},
  volume={217},
  number={2},
  pages={434--441},
  year={2003},
  publisher={Elsevier}
}

@article{ettireddy2007surface,
  title={Surface characterization studies of {$TiO_2$} supported manganese oxide catalysts for low temperature {SCR} of {NO} with {$NH_3$},
  author={Ettireddy, Padmanabha Reddy and Ettireddy, Neeraja and Mamedov, Sergey and Boolchand, Punit and Smirniotis, Panagiotis G},
  journal={Applied Catalysis B: Environmental},
  volume={76},
  number={1-2},
  pages={123--134},
  year={2007},
  publisher={Elsevier}
}


@techreport{saito2003development,
  title={Development of urea-{SCR} system for commercial vehicle-basic characteristics and improvement of {$NO_x$} conversion at low load operation},
  author={Saito, Shinichi and Shinozaki, Ritsuko and Suzuki, Akira and Jyoutaki, Hiroshi and Takeda, Yoshinaka},
  year={2003},
  institution={SAE Technical Paper}
}

@article{muzio2002overview,
  title={Overview and status of post-combustion {$NO_x$} control: {SNCR}, {SCR} and hybrid technologies},
  author={Muzio, LJ and Quartucy, GC and Cichanowiczy, JE},
  journal={International Journal of Environment and Pollution},
  volume={17},
  number={1-2},
  pages={4--30},
  year={2002},
  publisher={Inderscience Publishers}
}
    
@techreport{gieshoff2000improved,
  title={Improved {SCR} systems for heavy duty applications},
  author={Gieshoff, J and Sch{\"a}fer-Sindlinger, A and Spurk, PC and Van den Tillaart, JAA and Garr, G},
  year={2000},
  institution={SAE Technical Paper}
}

@techreport{sluder2005low,
  title={Low temperature urea decomposition and {SCR} performance},
  author={Sluder, C Scott and Storey, John ME and Lewis, Samuel A and Lewis, Linda A},
  year={2005},
  institution={SAE Technical Paper}
}

@article{lei2013influence,
  title={Influence of {$H_2O$} on the low-temperature {$NH_3$-SCR} of {NO} over {$V_2O_5$/AC} catalyst: An experimental and modeling study},
  author={Lei, Zhigang and Han, Bin and Yang, Kun and Chen, Biaohua},
  journal={Chemical engineering journal},
  volume={215},
  pages={651--657},
  year={2013},
  publisher={Elsevier}
}

@Article{Bürkle2018,
author="B{\"u}rkle, Sebastian
and Biondo, Luigi
and Ding, Carl-Philipp
and Honza, Rene
and Ebert, Volker
and B{\"o}hm, Benjamin
and Wagner, Steven",
title="In-Cylinder Temperature Measurements in a Motored IC Engine using {TDLAS}",
journal="Flow, Turbulence and Combustion",
year="2018",
month="Jul",
day="01",
volume="101",
number="1",
pages="139--159",
doi="10.1007/s10494-017-9886-y",
url="https://doi.org/10.1007/s10494-017-9886-y"
}

@article{spearrin1,
  author={Spearrin, R. M. and C S Goldenstein and J B Jeffries and R K Hanson},
  title={Fiber-coupled 2.7 {$\mu m$} laser absorption sensor for {$CO_2$} in harsh combustion environments},
  journal={Measurement Science and Technology},
  volume={24},
  number={5},
  pages={},
  url={http://stacks.iop.org/0957-0233/24/i=5/a=055107},
  year={2013}
  
  
@article{spearrin2014multi,
  title={Multi-band infrared {$CO_2$} absorption sensor for sensitive temperature and species measurements in high-temperature gases},
  author={Spearrin, R. M. and Ren, W and Jeffries, J. B. and Hanson, R. K.},
  journal={Applied Physics B},
  volume={116},
  number={4},
  pages={855--865},
  year={2014},
  publisher={Springer}
}

@article{spearrin2014quantum,
  title={Quantum cascade laser absorption sensor for carbon monoxide in high-pressure gases using wavelength modulation spectroscopy},
  author={Spearrin, R. M. and \vspace{0mm} Goldenstein, C. S. and Jeffries, J. B. and Hanson, R. K.},
  journal={Applied optics},
  volume={53},
  number={9},
  pages={1938--1946},
  year={2014},
  publisher={Optical Society of America}
}
	
@article{goldenstein2014wavelength,
  title={Wavelength-modulation spectroscopy near 2.5 $\mu$m for {$H_2O$} and temperature in high-pressure and -temperature gases},
  author={Goldenstein, C. S. and Spearrin, R. M. and Jeffries, J. B. and Hanson, R. K.},
  journal={Applied Physics B},
  volume={116},
  number={3},
  pages={705--716},
  year={2014},
  publisher={Springer}
}

@article{goldenstein2014wavelength2,
  title={Wavelength-modulation spectroscopy near 1.4 $\mu$m for measurements of {$H_2O$} and temperature in high-pressure and -temperature gases},
  author={Goldenstein, C. S. and Spearrin, R. M. and Schultz, I. A. and Jeffries, J. B. and Hanson, R. K.},
  journal={Measurement Science and Technology},
  volume={25},
  number={5},
  pages={055101},
  year={2014},
  publisher={IOP Publishing}
}

@article{goldenstein2015infrared,
  title={Infrared laser absorption sensors for multiple performance parameters in a detonation combustor},
  author={Goldenstein, Christopher S and Spearrin, R Mitchell and Jeffries, Jay B and Hanson, Ronald K},
  journal={Proceedings of the Combustion Institute},
  volume={35},
  number={3},
  pages={3739--3747},
  year={2015},
  publisher={Elsevier}
}

@article{rieker2009calibration,
  title={Calibration-free wavelength-modulation spectroscopy for measurements of gas temperature and concentration in harsh environments},
  author={Rieker, Gregory B and Jeffries, Jay B and Hanson, Ronald K},
  journal={Applied optics},
  volume={48},
  number={29},
  pages={5546--5560},
  year={2009},
  publisher={Optical Society of America}
}
